@article{sachs2005causal,
  title={Causal protein-signaling networks derived from multiparameter single-cell data},
  author={Sachs, Karen and Perez, Omar and Pe'er, Dana and Lauffenburger, Douglas A and Nolan, Garry P},
  journal={Science},
  volume={308},
  number={5721},
  pages={523--529},
  year={2005},
  publisher={American Association for the Advancement of Science}
}
@article{pe2005bayesian,
  title={Bayesian network analysis of signaling networks: a primer},
  author={Pe’er, Dana},
  journal={Sci STKE},
  volume={281},
  pages={l4},
  year={2005},
  publisher={Citeseer}
}
@article{o2013flow,
  title={Flow cytometry bioinformatics},
  author={O'Neill, Kieran and Aghaeepour, Nima and {\v{S}}pidlen, Josef and Brinkman, Ryan},
  journal={PLoS Comput Biol},
  volume={9},
  number={12},
  pages={e1003365},
  year={2013},
  publisher={Public Library of Science}
}
@article{guide1998mathworks,
  title={The mathworks},
  author={Guide, MATLAB User’s},
  journal={Inc., Natick, MA},
  volume={5},
  pages={333},
  year={1998}
}
@book{barber2012bayesian,
  title={Bayesian reasoning and machine learning},
  author={Barber, David},
  year={2012},
  publisher={Cambridge University Press}
}
@book{koller2009probabilistic,
  title={Probabilistic graphical models: principles and techniques},
  author={Koller, Daphne and Friedman, Nir},
  year={2009},
  publisher={MIT press}
}